@article{knuth84,
  author = {Knuth, Donald E.},
  title = {Literate Programming},
  year = {1984},
  issue_date = {May 1984},
  publisher = {Oxford University Press, Inc.},
  address = {USA},
  volume = {27},
  number = {2},
  issn = {0010-4620},
  url = {https://doi.org/10.1093/comjnl/27.2.97},
  doi = {10.1093/comjnl/27.2.97},
  journal = {Comput. J.},
  month = may,
  pages = {97–111},
  numpages = {15}
}



@article{Brousse2020,
	title = {Can we use local climate zones for predicting malaria prevalence across sub-Saharan African cities?},
	author = {Brousse, O and Georganos, S and Demuzere, M and Dujardin, S and Lennert, M and Linard, C and Snow, R W and Thiery, W and van Lipzig, N P M},
	year = {2020},
	month = {12},
	date = {2020-12-15},
	journal = {Environmental Research Letters},
	pages = {124051},
	volume = {15},
	number = {12},
	doi = {10.1088/1748-9326/abc996},
	url = {http://dx.doi.org/10.1088/1748-9326/abc996}
}

@article{kuffer2016,
	title = {Slums from Space{\textemdash}15 Years of Slum Mapping Using Remote Sensing},
	author = {Kuffer, Monika and Pfeffer, Karin and Sliuzas, Richard},
	year = {2016},
	month = {05},
	date = {2016-05-27},
	journal = {Remote Sensing},
	pages = {455},
	volume = {8},
	number = {6},
	doi = {10.3390/rs8060455},
	url = {http://dx.doi.org/10.3390/rs8060455},
	langid = {en}
}

@article{gorelick2017,
	title = {Google Earth Engine: Planetary-scale geospatial analysis for everyone},
	author = {Gorelick, Noel and Hancher, Matt and Dixon, Mike and Ilyushchenko, Simon and Thau, David and Moore, Rebecca},
	year = {2017},
	month = {12},
	date = {2017-12},
	journal = {Remote Sensing of Environment},
	pages = {18--27},
	volume = {202},
	doi = {10.1016/j.rse.2017.06.031},
	url = {http://dx.doi.org/10.1016/j.rse.2017.06.031},
	langid = {en}
}

@article{bouhennache2019new,
  title={A new spectral index for the extraction of built-up land features from Landsat 8 satellite imagery},
  author={Bouhennache, Rafik and Bouden, Toufik and Taleb-Ahmed, Abdmalik and Cheddad, Abbas},
  journal={Geocarto International},
  volume={34},
  number={14},
  pages={1531--1551},
  year={2019},
  publisher={Taylor \& Francis}
}

@article{bhatti2014built,
  title={Built-up area extraction using Landsat 8 OLI imagery},
  author={Bhatti, Saad Saleem and Tripathi, Nitin Kumar},
  journal={GIScience \& remote sensing},
  volume={51},
  number={4},
  pages={445--467},
  year={2014},
  publisher={Taylor \& Francis}
}

@article{jimenez2014land,
  title={Land surface temperature retrieval methods from Landsat-8 thermal infrared sensor data},
  author={Jim{\'e}nez-Mu{\~n}oz, Juan C and Sobrino, Jos{\'e} A and Skokovi{\'c}, Dra{\v{z}}en and Mattar, Cristian and Cristobal, Jordi},
  journal={IEEE Geoscience and remote sensing letters},
  volume={11},
  number={10},
  pages={1840--1843},
  year={2014},
  publisher={IEEE}
}
@article{matarira2022,
	title = {Google Earth Engine for Informal Settlement Mapping: A Random Forest Classification Using Spectral and Textural Information},
	author = {Matarira, Dadirai and Mutanga, Onisimo and Naidu, Maheshvari},
	year = {2022},
	month = {10},
	date = {2022-10-14},
	journal = {Remote Sensing},
	pages = {5130},
	volume = {14},
	number = {20},
	doi = {10.3390/rs14205130},
	url = {http://dx.doi.org/10.3390/rs14205130},
	langid = {en}
}

@article{matarira2022a,
	title = {Google Earth Engine for Informal Settlement Mapping: A Random Forest Classification Using Spectral and Textural Information},
	author = {Matarira, Dadirai and Mutanga, Onisimo and Naidu, Maheshvari},
	year = {2022},
	month = {10},
	date = {2022-10-14},
	journal = {Remote Sensing},
	pages = {5130},
	volume = {14},
	number = {20},
	doi = {10.3390/rs14205130},
	url = {http://dx.doi.org/10.3390/rs14205130},
	langid = {en}
}

@article{song2001,
	title = {Classification and Change Detection Using Landsat TM Data},
	author = {Song, Conghe and Woodcock, Curtis E. and Seto, Karen C. and Lenney, Mary Pax and Macomber, Scott A.},
	year = {2001},
	month = {02},
	date = {2001-02},
	journal = {Remote Sensing of Environment},
	pages = {230--244},
	volume = {75},
	number = {2},
	doi = {10.1016/s0034-4257(00)00169-3},
	url = {http://dx.doi.org/10.1016/S0034-4257(00)00169-3},
	langid = {en}
}

@article{vermote2016,
	title = {Preliminary analysis of the performance of the Landsat 8/OLI land surface reflectance product},
	author = {Vermote, Eric and Justice, Chris and Claverie, Martin and Franch, Belen},
	year = {2016},
	month = {11},
	date = {2016-11},
	journal = {Remote Sensing of Environment},
	pages = {46--56},
	volume = {185},
	doi = {10.1016/j.rse.2016.04.008},
	url = {http://dx.doi.org/10.1016/j.rse.2016.04.008},
	langid = {en}
}

@article{ilori2019,
	title = {Analyzing Performances of Different Atmospheric Correction Techniques for Landsat 8: Application for Coastal Remote Sensing},
	author = {Ilori, Christopher and Pahlevan, Nima and Knudby, Anders},
	year = {2019},
	month = {02},
	date = {2019-02-25},
	journal = {Remote Sensing},
	pages = {469},
	volume = {11},
	number = {4},
	doi = {10.3390/rs11040469},
	url = {http://dx.doi.org/10.3390/rs11040469},
	langid = {en}
}

@article{wimberly2022,
	title = {Cloud-based applications for accessing satellite Earth observations to support malaria early warning},
	author = {Wimberly, Michael C. and Nekorchuk, Dawn M. and Kankanala, Ramcharan R.},
	year = {2022},
	month = {05},
	date = {2022-05-16},
	journal = {Scientific Data},
	volume = {9},
	number = {1},
	doi = {10.1038/s41597-022-01337-y},
	url = {http://dx.doi.org/10.1038/s41597-022-01337-y},
	langid = {en}
}

@article{xu2021,
	title = {Global urbanicity is associated with brain and behaviour in young people},
	author = {Xu, Jiayuan and Liu, Xiaoxuan and Li, Qiaojun and Goldblatt, Ran and Qin, Wen and Liu, Feng and Chu, Congying and Luo, Qiang and Ing, Alex and Guo, Lining and Liu, Nana and Liu, Huaigui and Huang, Conghong and Cheng, Jingliang and Wang, Meiyun and Geng, Zuojun and Zhu, Wenzhen and Zhang, Bing and Liao, Weihua and Qiu, Shijun and Zhang, Hui and Xu, Xiaojun and Yu, Yongqiang and Gao, Bo and Han, Tong and Cui, Guangbin and Chen, Feng and Xian, Junfang and Li, Jiance and Zhang, Jing and Zuo, Xi-Nian and Wang, Dawei and Shen, Wen and Miao, Yanwei and Yuan, Fei and Lui, Su and Zhang, Xiaochu and Xu, Kai and Zhang, Longjiang and Ye, Zhaoxiang and Banaschewski, Tobias and Barker, Gareth J. and Bokde, Arun L. W. and Flor, Herta and Grigis, Antoine and Garavan, Hugh and Gowland, Penny and Heinz, Andreas and {Brühl}, {Rüdiger} and Martinot, Jean-Luc and Artiges, Eric and Nees, Frauke and Orfanos, Dimitri Papadopoulos and Lemaitre, Herve and Paus, {Tomá{\v{s}}} and Poustka, Luise and Robinson, Lauren and Hohmann, Sarah and {Fröhner}, Juliane H. and Smolka, Michael N. and Walter, Henrik and Whelan, Robert and Winterer, Jeanne and Patrick, Kevin and Calhoun, Vince and Li, Mulin Jun and Liang, Meng and Gong, Peng and Barker, Edward D. and Clinton, Nicholas and Marquand, Andre and Yu, Le and Yu, Chunshui and Schumann, Gunter and ,  and , },
	year = {2021},
	month = {10},
	date = {2021-10-28},
	journal = {Nature Human Behaviour},
	pages = {279--293},
	volume = {6},
	number = {2},
	doi = {10.1038/s41562-021-01204-7},
	url = {http://dx.doi.org/10.1038/s41562-021-01204-7},
	langid = {en}
}
